@article{drift:puri,
  author    = {Anuj Puri},
  title     = {Dynamical Properties of Timed Automata},
  journal   = {Discrete Event Dynamic Systems},
  volume    = {10},
  number    = {1-2},
  pages     = {87--113},
  year      = {2000},
  url       = {https://doi.org/10.1023/A:1008387132377},
  doi       = {10.1023/A:1008387132377},
  timestamp = {Sat, 27 May 2017 14:25:36 +0200},
  biburl    = {http://dblp.org/rec/bib/journals/deds/Puri00},
  bibsource = {dblp computer science bibliography, http://dblp.org}
}

@inproceedings{drift:wulf,
  author    = {Martin De Wulf and Laurent Doyen and Nicolas Markey and                                       Jean{-}Fran{\c{c}}ois Raskin},
  title     = {Robustness and Implementability of Timed Automata},
  booktitle = {Formal Techniques, Modelling and Analysis of Timed and Fault-Tolerant Systems, 
    Joint International Conferences on Formal Modelling and Analysis of Timed Systems, 
    {FORMATS} 2004 and Formal Techniques in Real-Time and Fault-Tolerant Systems, 
    {FTRTFT} 2004, Grenoble, France, September 22-24, 2004, Proceedings},
  pages     = {118--133},
  year      = {2004},
  url       = {https://doi.org/10.1007/978-3-540-30206-3_10},
  doi       = {10.1007/978-3-540-30206-3_10},
  timestamp = {Tue, 30 May 2017 12:57:44 +0200},
  biburl    = {http://dblp.org/rec/bib/conf/formats/WulfDMR04},
  bibsource = {dblp computer science bibliography, http://dblp.org}
}

@inproceedings{drift:conrad,
  author    = {Conrado Daws and Piotr Kordy},
  title     = {Symbolic Robustness Analysis of Timed Automata},
  booktitle = {Formal Modeling and Analysis of Timed Systems, 4th International Conference,
          {FORMATS} 2006, Paris, France, September 25-27, 2006, Proceedings},
  pages     = {143--155},
  year      = {2006},
  url       = {https://doi.org/10.1007/11867340_11},
  doi       = {10.1007/11867340_11},
  timestamp = {Fri, 02 Jun 2017 13:01:07 +0200},
  biburl    = {http://dblp.org/rec/bib/conf/formats/DawsK06},
  bibsource = {dblp computer science bibliography, http://dblp.org}
}

@inproceedings{drift:puriR,
  author    = {Catalin Dima},
  title     = {Dynamical Properties of Timed Automata Revisited},
  booktitle = {Formal Modeling and Analysis of Timed Systems, 5th International Conference,
  {FORMATS} 2007, Salzburg, Austria, October 3-5, 2007, Proceedings},
  pages     = {130--146},
  year      = {2007},
  url       = {https://doi.org/10.1007/978-3-540-75454-1_11},
  doi       = {10.1007/978-3-540-75454-1_11},
  timestamp = {Fri, 02 Jun 2017 13:01:07 +0200},
  biburl    = {http://dblp.org/rec/bib/conf/formats/Dima07},
  bibsource = {dblp computer science bibliography, http://dblp.org}
}


@inproceedings{drift:surp,
  author    = {Mani Swaminathan and Martin Fr{\"{a}}nzle and Joost{-}Pieter Katoen},
  title     = {The Surprising Robustness of (Closed) Timed Automata against Clock-Drift},
  booktitle = {Fifth {IFIP} International Conference On Theoretical Computer Science
        - {TCS} 2008, {IFIP} 20th World Computer Congress, {TC} 1, Foundations
       of Computer Science, September 7-10, 2008, Milano, Italy},
  pages     = {537--553},
  year      = {2008},
  url       = {https://doi.org/10.1007/978-0-387-09680-3_36},
  doi       = {10.1007/978-0-387-09680-3_36},
  timestamp = {Thu, 15 Jun 2017 21:43:10 +0200},
  biburl    = {http://dblp.org/rec/bib/conf/ifipTCS/SwaminathanFK08},
  bibsource = {dblp computer science bibliography, http://dblp.org}
}

@phdthesis{drift:thesis,
  author    = {Ocan Sankur},
  title     = {Robustness in timed automata : analysis, synthesis, implementation.
  (Robustesse dans les automates temporis{\'{e}}s : analyse, synth{\`{e}}se,
   impl{\'{e}}mentation)},
  school    = {{\'{E}}cole normale sup{\'{e}}rieure de Cachan, Paris, France},
  year      = {2013},
  url       = {https://tel.archives-ouvertes.fr/tel-00910333},
  timestamp = {Wed, 29 Jun 2016 16:03:49 +0200},
  biburl    = {http://dblp.org/rec/bib/phd/hal/Sankur13},
  bibsource = {dblp computer science bibliography, http://dblp.org}
}

@article{drift:diff_rate,
    author    = {S. Akshay and Benedikt Bollig and Paul Gastin and Madhavan Mukund and
        K. Narayan Kumar},
    title     = {Distributed Timed Automata with Independently Evolving Clocks},
    journal   = {Fundam. Inform.},
    volume    = {130},
    number    = {4},
    pages     = {377--407},
    year      = {2014},
    url       = {https://doi.org/10.3233/FI-2014-996},
    doi       = {10.3233/FI-2014-996},
    timestamp = {Sat, 20 May 2017 00:23:05 +0200},
    biburl    = {http://dblp.org/rec/bib/journals/fuin/AkshayBGMK14},
    bibsource = {dblp computer science bibliography, http://dblp.org}
} 

@article{drift:esim,
    author    = {Claus R. Thrane and Uli Fahrenberg and Kim G. Larsen},
    title     = {Quantitative analysis of weighted transition systems},
    journal   = {J. Log. Algebr. Program.},
    volume    = {79},
    number    = {7},
    pages     = {689--703},
    year      = {2010},
    url       = {https://doi.org/10.1016/j.jlap.2010.07.010},
    doi       = {10.1016/j.jlap.2010.07.010},
    timestamp = {Sun, 28 May 2017 13:17:33 +0200},
    biburl    = {http://dblp.org/rec/bib/journals/jlp/ThraneFL10},
    bibsource = {dblp computer science bibliography, http://dblp.org}
}


@inproceedings{fm16,
  author    = {Mahieddine Dellabani and Jacques Combaz and Marius Bozga and Saddek Bensalem},
  title     = {Local Planning of Multiparty Interactions with Bounded Horizons},
  booktitle = {{FM} 2016: Formal Methods - 21st International Symposium, Limassol,
  Cyprus, November 9-11, 2016, Proceedings},
  pages     = {199--216},
  year      = {2016},
  url       = {https://doi.org/10.1007/978-3-319-48989-6_13},
 doi       = {10.1007/978-3-319-48989-6_13},
 timestamp = {Mon, 22 May 2017 17:11:19 +0200},
 biburl    = {https://dblp.org/rec/bib/conf/fm/DellabaniCBB16},
 bibsource = {dblp computer science bibliography, https://dblp.org}
}

@inproceedings{apsec17,
 author    = {Mahieddine Dellabani and Jacques Combaz and Saddek Bensalem and Marius Bozga},
 title     = {Knowledge Based Optimization for Distributed Real-Time Systems},
 booktitle = {24th Asia-Pacific Software Engineering Conference, {APSEC} 2017, Nanjing,
 China, December 4-8, 2017},
 pages     = {751--756},
 year      = {2017},
 url       = {https://doi.org/10.1109/APSEC.2017.106},
 doi       = {10.1109/APSEC.2017.106},
 timestamp = {Wed, 28 Mar 2018 12:42:10 +0200},
 biburl    = {https://dblp.org/rec/bib/conf/apsec/DellabaniCBB17},
 bibsource = {dblp computer science bibliography, https://dblp.org}
}


@article{lites,
  author = {Mahieddine Dellabani and Jacques Combaz and Marius Bozga and Saddek Bensalem},
  title     = {Local Planning Semantics : a Semantics for Distributed Real-Time Systems},
  journal   = {Leibniz Transactions on Embedded Systems (second submission phase)},
  year = {2018}
}

@techreport {drift,
  title = {Revesiting Robustness of Timed Automata Under Clock Drifts},
  author = {Mahieddine Dellabani and Jacques Combaz and Marius Bozga and Saddek Bensalem},
  institution = {{Verimag} Research Report (to be submited)},
  number = {TR-2018-6},
  year = {2018}
}

@techreport {sbip,
  title = {SBIP 2.0: Statistical Model Checking Stochastic Real-time Systems},
  author = {Braham Lotfi Mediouni and Ayoub Nouri and Marius Bozga and Mahieddine Dellabani
    and Jacques Combaz and Axel Legay and Saddek Bensalem},
  institution = {{Verimag} Research Report (in peer review)},
  number = {TR-2018-5},
  year = {2018}
}
